2559 3942
285 223 332 276 Ε
352 221 401 275 C
418 222 523 277 CL
539 227 585 280 Ε
601 224 637 277 S
654 212 742 278 IA
758 225 905 278 811
923 221 1050 280 ΒΑ.
1100 221 1254 280 PARs
1273 218 1425 282 vm.
1503 224 1629 290 41³9

142 303 233 359 nis
254 298 562 362 Catholicae
576 320 832 362 tenacem
854 299 1093 363 simulac
1114 304 1242 362 zelo
1262 303 1622 386 flagrantem,

136 381 425 442 Parochiae
450 384 719 443 devotum
738 425 757 452 ,
831 389 889 444 ui
906 385 1132 465 legendi
1154 384 1386 467 quidem
1407 393 1464 445 &
1485 383 1626 444 stri-

140 463 312 523 bcndi
331 464 548 545 peritia,
574 463 664 524 sed
687 484 818 548 mag
845 487 870 526 s
889 467 1260 548 dogmatibus
1280 468 1434 527 Fidei
1454 484 1628 549 atque

132 547 432 632 'Evangelii
452 548 831 609 axiomatibus
853 546 915 607 fit
933 547 1187 609 imbutus
1210 591 1228 617 ,
1252 548 1378 633 quoe
1399 550 1621 608 tenellis

136 642 450 705 puerorum
479 627 764 688 mentibus
806 631 1071 689 instillare
1109 637 1351 690 noverit.
1408 631 1629 712 Qoad

135 709 355 787 puellas
380 708 804 789 vero‚praefieiat
821 719 875 771 &
890 710 979 770 his
1000 711 1292 771 honestam
1314 711 1624 795 quamdam

123 792 475 863 ‘Mati-onam
509 792 736 872 paribus
771 793 1007 853 dotibus
1040 792 1358 875 insignitam
1387 820 1405 862 3
1473 813 1627 852 nun·
1715 853 1721 859 ,
1789 802 1794 809 ’

136 892 315 952 quam
338 874 475 932 vero
497 879 787 952 permittat
823 880 846 950 1(
907 875 1023 934 uod
1053 879 1318 933 Concilio
1356 895 1476 933 non
1501 894 1621 935 uno

135 958 382 1012 vetitum
404 955 516 1024 est)
559 974 621 1015 ut
645 958 729 1013 vel
754 897 986 1033 magnii
1009 961 1154 1014 inter
1175 955 1456 1016 foemelias
1478 995 1498 1023 ‚
1538 955 1624 1015 vel

137 1032 225 1092 hae
267 1039 417 1094 inter
458 1036 590 1095 illos
633 1037 948 1099 educentur
985 1063 1004 1105 3
1064 1038 1267 1117 utpote
1300 1059 1424 1119 quae
1461 1055 1630 1096 com-

136 1118 330 1175 mistio
378 1116 696 1195 perniciosa
728 1123 932 1199 quovis
966 1138 1221 1198 tempore
1239 1121 1493 1196 judicata
1526 1116 1608 1176 fit.

135 1198 405 1258 Secundo
431 1239 449 1265 ,
472 1200 570 1258 ubi
589 1200 733 1258 binae
760 1199 841 1257 hae
859 1200 1073 1261 Schola:
1093 1201 1291 1260 crestae
1303 1205 1416 1278 jam
1435 1216 1625 1267 erunt,

134 1280 387 1338 Pastoris
410 1284 517 1339 erit
541 1321 557 1348 ,
579 1280 762 1339 bonas
782 1281 870 1339 his·
893 1280 1243 1360 praescribcre
1264 1283 1490 1366 regulas
1512 1320 1531 1347 ‚
1552 1280 1627 1340 ad

138 1380 344 1419 earum
366 1367 762 1421 executionem
779 1363 1114 1432 allaborare,
1132 1361 1301 1422 semel
1323 1380 1497 1445 atque
1518 1366 1632 1422 itc-

136 1439 274 1501 rum
295 1439 536 1522 fingulas
557 1446 613 1502 in
637 1441 1021 1505 hebdomades
1039 1444 1138 1504 has
1160 1443 1372 1505 vifitare
1392 1485 1410 1511 ‚
1444 1443 1628 1504 immo

136 1522 285 1582 vero
307 1523 562 1604 &ipsum
586 1524 794 1585 ibidem
828 1545 1235 1607 praeceptotem
1270 1524 1501 1610 quando
1547 1547 1620 1585 ue

133 1624 311 1686 agere
333 1646 351 1674 ‚
387 1625 450 1665 ut
487 1610 558 1665 iis
584 1648 600 1675 ‚
631 1610 838 1690 quibus
858 1607 972 1668 hoc
994 1608 1247 1670 officium
1267 1548 1629 1670 commifflum

137 1689 222 1746 est
242 1728 259 1754 ,
299 1690 543 1767 pretium
582 1688 738 1751 fimui
760 1698 815 1750 Sc
851 1712 1105 1753 amorem
1125 1695 1241 1768 ejus
1262 1688 1627 1774 formamque

134 1769 416 1838 inculcet,
436 1770 834 1831 catechismum
851 1773 1096 1856 denique
1109 1768 1631 1842 instituere‚‘astuss·

135 1850 254 1933 q'ue
276 1849 621 1917 humilitatis
642 1896 660 1924 ,
689 1855 1031 1914 obedientiae
1052 1896 1071 1924 ‚
1105 1854 1363 1915 fraternae
1382 1853 1630 1916 eharita-

133 1938 213 1992 tis
234 1975 252 2001 ‚
291 1933 751 1997 mortificationis
773 1946 829 1998 &
858 1936 1061 1999 fimiles
1096 1957 1372 1999 exercere.
1419 1931 1628 1997 Tetti&

31 2036 52 2052 1
138 2016 388 2076 Pastoris
409 2022 535 2086 erit,
559 2043 630 2079 ex
648 2020 874 2100 publica
891 2014 981 2080 'vel
1004 2023 1216 2100 privata
1234 2016 1627 2081 Parochiano-

136 2116 273 2157 rum
293 2118 560 2160 crumena
582 2143 600 2169 ,
620 2103 705 2161 vel
728 2106 896 2161 etiam
918 2100 1086 2180 ipfius
1104 2100 1352 2167 fabricae,
1373 2118 1494 2157 non
1514 2097 1627 2157 fine

134 2176 411 2260 permiss'u
430 2186 795 2259 superiorum
811 2179 1321 2251 Ecclefiasticorum
1339 2219 1356 2246 ‚
1389 2176 1630 2238 Schola-

138 2279 280 2320 rum
336 2263 568 2320 istarum
624 2257 905 2340 praefec'tis
944 2278 1267 2342 congruum
1322 2278 1627 2341 procurare

137 2340 612 2402 emolumentum
636 2382 655 2410 ‚
708 2339 828 2400 imo
850 2348 906 2402 δι
945 2348 1167 2401 iantum
1206 2342 1278 2403 ad
1314 2340 1426 2401 hoc
1445 2360 1547 2420 per
1568 2337 1624 2399 st

137 2417 433 2492 conferre,
444 2442 722 2506 quantum
742 2426 859 2501 ejus
872 2421 1093 2483 {iverint
1111 2420 1627 2510 facultateS.Qat-

143 2502 215 2564 to
237 2523 500 2583 parentes
520 2506 784 2568 inducere
814 2547 833 2575 ‚
877 2523 940 2566 ut
963 2504 1094 2566 suos
1129 2502 1202 2567 eo
1234 2507 1449 2568 liberos
1486 2509 1627 2564 mit-
1651 2548 1664 2555 -

23 2618 47 2651 ,’
141 2603 300 2652 tant,
320 2605 488 2669 atque
508 2586 621 2648 hoc
640 2608 829 2673 agere,
843 2608 907 2649 ut
926 2610 1198 2669 pauperes
1217 2595 1386 2651 etiam
1406 2589 1625 2651 ibidem

137 2671 508 2746 recipiantur.
542 2671 770 2758 Qinto
806 2672 1045 2731 Pastoris
1084 2677 1191 2732 e‘rit
1211 2713 1230 2741 ,
1260 2692 1378 2734 tam
1410 2691 1625 2754 urgen-

136 2768 270 2811 tem
319 2744 546 2828 hujusce
582 2760 661 2816 rei
697 2750 1070 2813 neceffitatem
1106 2750 1623 2838 magis'magis'ue

137 2832 247 2894 fibi
285 2828 457 2915 at'clue
498 2839 618 2897 aliis
651 2856 716 2897 ac
748 2833 1052 2917 praesertim
1092 2835 1477 2898 confratribus
1508 2775 1623 2899 {iuis

135 2914 473 2978 Pastoribus
494 2917 756 3001 quotidie
781 2916 1124 2999 persuadere.
1166 2922 1464 3006 Qon'iam
1483 2916 1622 2998 vero

140 2996 418 3061 diabolus
454 3002 718 3063 omnibus
739 3002 842 3068 iic,
889 3015 1015 3082 quae
1052 3005 1112 3059 in
1133 3006 1485 3062 axiomatum
1507 3003 1640 3078 ejus·

135 3099 326 3163 atque
360 3080 505 3142 adeo
547 3087 710 3167 regni
749 3086 971 3143 ruinam
1004 3103 1250 3168 vergunt
1271 3126 1291 3153 ,
1341 3082 1627 3143 molestias·

142 3160 438 3246 quasdam
445 3166 774 3246 permiscere
792 3163 1109 3234 consuevit,

474 3251 514 3305 P
554 3257 609 3310 U
649 3251 710 3309 N
749 3252 799 3307 C
838 3249 892 3304 T
930 3254 984 3306 U
1023 3251 1093 3306 M
1171 3251 1199 3308 Ῑ
1220 3252 1304 3308 ΙΙ.

171 3346 176 3355 ‘
303 3334 702 3393 Ousxnnna
736 3330 1122 3405 objectiones,
1163 3351 1289 3413 quae
1308 3327 1498 3412 paffim
1523 3345 1630 3385 ex-

306 3422 634 3499 cogitantur
663 3425 733 3478 ’δε
778 3411 903 3472 vide
937 3410 1109 3557 quim
1135 3430 1295 3473 vanae
1321 3407 1629 3553 futiles-{¹¹⁶

933 3498 992 3555 D
1080 3519 1113 3556 2
1548 3511 1635 3552 int
